%% This BibTeX bibliography file was created using BibDesk.
%% https://bibdesk.sourceforge.io/

%% Created for Kyle Clapper at 2023-12-07 12:10:43 -0500 


%% Saved with string encoding Unicode (UTF-8) 



@article{killsafe,
	author = {Matthew Flatt and Robert Bruce Findler},
	date-added = {2023-12-07 12:06:53 -0500},
	date-modified = {2023-12-07 12:10:27 -0500},
	journal = {Programming Language Design and Implementation},
	title = {Kill-Safe Synchronization Abstractions},
	year = {2004}}
